<record><leader>00000cas a22000007a 4500</leader><controlfield tag="001">12075630</controlfield><controlfield tag="008">850524d18831920njuwr ne      0    0eng d</controlfield><datafield ind1=" " ind2=" " tag="010"><subfield code="a">sn 85035657 </subfield></datafield><datafield ind1=" " ind2=" " tag="040"><subfield code="a">NPA</subfield><subfield code="b">eng</subfield><subfield code="c">NPA</subfield><subfield code="d">NJW</subfield><subfield code="d">OCLCQ</subfield></datafield><datafield ind1=" " ind2=" " tag="042"><subfield code="a">msc</subfield></datafield><datafield ind1="0" ind2=" " tag="130"><subfield code="a">Warren Republican (Hackettstown, N.J.)</subfield></datafield><datafield ind1="1" ind2="4" tag="245"><subfield code="a">The Warren Republican.</subfield></datafield><datafield ind1=" " ind2=" " tag="260"><subfield code="a">Hackettstown, N.J. :</subfield><subfield code="b">Curtis Bros.,</subfield><subfield code="c">-1920.</subfield></datafield><datafield ind1=" " ind2=" " tag="300"><subfield code="a">v. :</subfield><subfield code="b">ill. (chiefly advertisements)</subfield></datafield><datafield ind1=" " ind2=" " tag="310"><subfield code="a">Weekly</subfield></datafield><datafield ind1="1" ind2=" " tag="362"><subfield code="a">Began in Feb. 1883.</subfield></datafield><datafield ind1="0" ind2=" " tag="362"><subfield code="a">-v. 47, no. 44 (Dec. 17, 1920).</subfield></datafield><datafield ind1=" " ind2=" " tag="500"><subfield code="a">Published by Jones &amp; Bollman, Mar. 26-Dec. 17, 1920.</subfield></datafield><datafield ind1=" " ind2=" " tag="588"><subfield code="a">Description based on: Vol. 22, no. 50 (Jan. 26, 1894).</subfield></datafield><datafield ind1=" " ind2=" " tag="752"><subfield code="a">United States</subfield><subfield code="b">New Jersey</subfield><subfield code="c">Warren</subfield><subfield code="d">Hackettstown.</subfield></datafield><datafield ind1="0" ind2="0" tag="780"><subfield code="t">Hackettstown herald</subfield><subfield code="w">(DLC)sn 84026053</subfield><subfield code="w">(OCoLC)10260907</subfield></datafield></record>